<?xml version="1.0" encoding="UTF-8"?>
<marc:record xmlns:xsi="http://www.w3.org/2001/XMLSchema-instance"
             xmlns:marc="http://www.loc.gov/MARC21/slim"
             xmlns="http://www.loc.gov/MARC21/slim"
             xsi:schemaLocation="http://www.loc.gov/MARC21/slim http://www.loc.gov/standards/marcxml/schema/MARC21slim.xsd">
   <marc:leader>     nm  22     uu 4500</marc:leader>
   <marc:controlfield tag="008">      s           ||||||||||||||||||||||</marc:controlfield>
  <marc:datafield tag="245" ind1="1" ind2="0">
      <marc:subfield code="a">$10 note, 1864 (front)</marc:subfield>
   </marc:datafield>
  
  
  <marc:datafield tag="720" ind1=" " ind2=" ">
      <marc:subfield code="a">Confederate States of America</marc:subfield>
   </marc:datafield>
  <marc:datafield tag="260" ind1=" " ind2=" ">
      <marc:subfield code="b">Digital Library Center, Florida State University Libraries</marc:subfield>
      <marc:subfield code="c">February 17, 1864</marc:subfield>
   </marc:datafield>
  <marc:datafield tag="500" ind1=" " ind2=" ">
      <marc:subfield code="a">Issued in Richmond, VA; engraved by Keatinge &amp; Ball, Columbia, S.C. Serial number 65275, Series B-9</marc:subfield>
   </marc:datafield>
  <marc:datafield tag="500" ind1=" " ind2=" ">
      <marc:subfield code="a">Lithographed by Evans &amp; Cogswell</marc:subfield>
   </marc:datafield>
  <marc:datafield tag="650" ind1="1" ind2=" ">
      <marc:subfield code="a">United States--History--Civil War, 1861-1865</marc:subfield>
   </marc:datafield>
  <marc:datafield tag="650" ind1="1" ind2=" ">
      <marc:subfield code="a">Money--Confederate States of America</marc:subfield>
   </marc:datafield>
  <marc:datafield tag="787" ind1="0" ind2=" ">
      <marc:subfield code="t">www.american-south.org</marc:subfield>
   </marc:datafield>
  <marc:datafield tag="856" ind1=" " ind2=" ">
      <marc:subfield code="u">http://purl.flvc.org/fcla/dt/2854735</marc:subfield>
   </marc:datafield>
  <marc:datafield tag="" ind1=" " ind2=" ">
      <marc:subfield code="a">Digital reproductions are provided for non-commercial, personal, educational, and
    research use only. All other use, including but not limited to commercial or scholarly
    reproductions, redistribution, publication, websites, exhibitions, broadcasts, or other
    transmission, whether by electronic means or otherwise, without prior written permission of the
    copyright holder is strictly prohibited. For information about the copyright and reproduction
    rights for this item, please contact the Associate Director for Special Collections and
    Archives.</marc:subfield>
   </marc:datafield>
  
  
  <marc:datafield tag="887" ind1=" " ind2=" ">
      <marc:subfield code="a">
    
      FSU
      FSU
      admin_unit="FSU01", ingest_id="ing8361",
        creator="creator:PSMITH", creation_date="2010-12-21 15:54:34", modified_by="super:TWEATHER",
        modification_date="2011-04-08 09:36:37"
    
  </marc:subfield>
   </marc:datafield>
</marc:record>